<collection xmlns="http://www.loc.gov/MARC21/slim">
<record>
  <leader>02056nam0a22002771i 450 </leader>
  <controlfield tag="001">IT\ICCU\CNCE\054692</controlfield>
  <controlfield tag="005">20110509000000.0</controlfield>
  <datafield tag="012" ind1=" " ind2=" ">
    <subfield code="a">t.la ine- n-ta nove (3) 1514 (R)</subfield>
    <subfield code="2">fei</subfield>
  </datafield>
  <datafield tag="100" ind1=" " ind2=" ">
    <subfield code="a">20031110d1514        0itac0103    ba</subfield>
  </datafield>
  <datafield tag="101" ind1=" " ind2=" ">
    <subfield code="a">LAT</subfield>
  </datafield>
  <datafield tag="102" ind1=" " ind2=" ">
    <subfield code="a">IT</subfield>
  </datafield>
  <datafield tag="200" ind1="1" ind2=" ">
    <subfield code="a">Practica in chirurgia. Copiosa in arte chirurgica nuper edita, a Ioanne de Vigo ... que infrascripta nouem continet volumina. In primo agitur de anatomia. In secundo de apostematibus. In tertio de vulneribus. In quarto de vlceribus, in particulari &amp; vniuersali. In quinto de morbo gallico &amp; doloribus iuncturarum. In sexto de fractura &amp; ossium dislocatione. In septimo de natura simplicium &amp; eorum posse. In octauo sub ordine antidotarii de auxiliis &amp; tabula chirurgicorum nauigantium, et in castellis sine aromatariis commorantium. In nono de additionibus nonnullis pro operis complemento. Ioannisde Vigo Genuensis</subfield>
  </datafield>
  <datafield tag="210" ind1=" " ind2=" ">
    <subfield code="e">Impressum fuit Rome</subfield>
    <subfield code="g">per magistrum Stephanum Guillereti &amp; magistrum Herculem Bononiensem socium</subfield>
    <subfield code="h">1514 die vero XV Aprilis</subfield>
  </datafield>
  <datafield tag="215" ind1=" " ind2=" ">
    <subfield code="a">CCXX, V c.</subfield>
    <subfield code="d">4ʻ</subfield>
  </datafield>
  <datafield tag="620" ind1=" " ind2=" ">
    <subfield code="a">IT</subfield>
    <subfield code="d">Roma</subfield>
  </datafield>
  <datafield tag="700" ind1=" " ind2="1">
    <subfield code="a">Da_Vigo,</subfield>
    <subfield code="b">Giovanni</subfield>
    <subfield code="3">IT\ICCU\CNCA\004632</subfield>
  </datafield>
  <datafield tag="712" ind1="0" ind2="0">
    <subfield code="a">Guillery, Etienne &amp; Nani, Ercole</subfield>
    <subfield code="3">IT\ICCU\CNCT\000709</subfield>
    <subfield code="4">650</subfield>
  </datafield>
  <datafield tag="790" ind1=" " ind2="1">
    <subfield code="a">Di_Vico,</subfield>
    <subfield code="b">Giovanni</subfield>
    <subfield code="3">IT\ICCU\CNCA\010144</subfield>
    <subfield code="z">Da_Vigo, Giovanni</subfield>
  </datafield>
  <datafield tag="790" ind1=" " ind2="1">
    <subfield code="a">Vigo,</subfield>
    <subfield code="b">Giovanni : de</subfield>
    <subfield code="3">IT\ICCU\CNCA\015042</subfield>
    <subfield code="z">Da_Vigo, Giovanni</subfield>
  </datafield>
  <datafield tag="790" ind1=" " ind2="1">
    <subfield code="a">De_Vigo,</subfield>
    <subfield code="b">Giannettino</subfield>
    <subfield code="3">IT\ICCU\CNCA\015280</subfield>
    <subfield code="z">Da_Vigo, Giovanni</subfield>
  </datafield>
  <datafield tag="801" ind1=" " ind2="3">
    <subfield code="a">IT</subfield>
    <subfield code="b">ICCU</subfield>
    <subfield code="c">20201115</subfield>
  </datafield>
  <datafield tag="899" ind1=" " ind2=" ">
    <subfield code="a">Biblioteca estera - Biblioteca Universidad Complutense de Madrid. Madrid</subfield>
    <subfield code="1">AA0002</subfield>
  </datafield>
  <datafield tag="899" ind1=" " ind2=" ">
    <subfield code="a">Biblioteca Apostolica Vaticana. Citt ̉del Vaticano</subfield>
    <subfield code="1">EX0001</subfield>
    <subfield code="2">ZCV 01</subfield>
  </datafield>
  <datafield tag="899" ind1=" " ind2=" ">
    <subfield code="a">Biblioteca del Seminario Vescovile della Facolt ̉Teologica del Triveneto dell&apos;Istituto Filosofico Aloisianum. Padova</subfield>
    <subfield code="z">MUTILO</subfield>
    <subfield code="1">PD0073</subfield>
    <subfield code="2">PUV 01</subfield>
  </datafield>
  <datafield tag="911" ind1=" " ind2=" ">
    <subfield code="a">In fine</subfield>
    <subfield code="9">IT\ICCU\CNCM\002508</subfield>
  </datafield>
  <datafield tag="921" ind1=" " ind2=" ">
    <subfield code="a">IT\ICCU\CNCM\002508</subfield>
    <subfield code="b">Scudo con grifone, stella e giglio sormontato da croce doppia entro due cerchi con la scritta: Stephanus Guillereti de Lothoringia. In cornice.</subfield>
    <subfield code="c">U1026</subfield>
    <subfield code="f">SCUDO</subfield>
    <subfield code="f">CROCE</subfield>
    <subfield code="f">STEPHANUS</subfield>
    <subfield code="g">1514</subfield>
  </datafield>
</record>
</collection>
